@article{Shannon1949,
	author = {Shannon, Claude E},
	title = {Communication in the presence of noise},
	journal = {P. I.R.E.},
	year = {1949},
	volume = {37},
	number = {1},
	pages = {10--21},
	month = {1},
	doi = {10.1109/jrproc.1949.232969}
}

@article{Candes2008b,
	author = {Candes, Emmanuel J. and Wakin, Michael B.},
	doi = {10.1109/MSP.2007.914731},
	journal = {IEEE Signal Proc. Mag.},
	number = {2},
	pages = {21--30},
	title = {{An introduction to compressive sampling: A sensing/sampling paradigm that goes against the common knowledge in data acquisition}},
	volume = {25},
	year = {2008}
}

@article{Donoho2006,
	author = {Donoho, D.L. and Elad, M. and Temlyakov, V.N.},
	doi = {10.1109/TIT.2005.860430},
	journal = {IEEE Trans. Inf. Theory},
	month = {jan},
	number = {1},
	pages = {6--18},
	title = {{Stable recovery of sparse overcomplete representations in the presence of noise}},
	url = {http://ieeexplore.ieee.org/document/1564423/},
	volume = {52},
	year = {2006}
}

@article{Candes2006,
	archivePrefix = {arXiv},
	arxivId = {arXiv:math/0503066v2},
	author = {Cand{\`{e}}s, Emmanuel J. and Romberg, Justin K. and Tao, Terence},
	doi = {10.1002/cpa.20124},
	eprint = {0503066v2},
	journal = {Commun. Pure Appl. Math.},
	number = {8},
	pages = {1207--1223},
	primaryClass = {arXiv:math},
	title = {{Stable signal recovery from incomplete and inaccurate measurements}},
	volume = {59},
	year = {2006}
}